@Article{Bohl_2014,
  doi = {10.1039/c3mb70601j},
  url = {https://doi.org/10.1039/c3mb70601j},
  year = {2014},
  publisher = {Royal Society of Chemistry ({RSC})},
  volume = {10},
  number = {12},
  pages = {3066--3074},
  author = {Katrin Bohl and Sabine Hummert and Sarah Werner and David Basanta and Andreas Deutsch and Stefan Schuster and Anja Schroeter},
  title = {Evolutionary game theory: molecules as players},
  journal = {Mol. {BioSyst}.},
}

@Article{Zahadat_2016,
  doi = {10.1177/1059712316633028},
  url = {https://doi.org/10.1177/1059712316633028},
  year = {2016},
  month = {mar},
  publisher = {{SAGE} Publications},
  volume = {24},
  number = {2},
  pages = {87--101},
  author = {Payam Zahadat and Thomas Schmickl},
  title = {Division of labor in a swarm of autonomous underwater robots by improved partitioning social inhibition},
  journal = {Adaptive Behavior},
}
